@online{kube-usecase,
	title        = {Kubernetes User Case Studies},
	organization = {Kubernetes},
	urldate      = {2017-11-29},
	url          = {https://kubernetes.io/case-studies/},
}
@online{db-eng,
	title        = {DB-Engines Ranking},
	organization = {solid IT gmbh},
	date         = {2017},
	urldate      = {2017-11-29},
	url          = {https://db-engines.com/en/ranking},
	keywords     = {untrusted},
}
@online{vitess,
	title        = {Understanding Vitess},
	organization = {Vitess},
	urldate      = {2017-11-29},
	url          = {http://vitess.io/overview/},
	keywords     = {untrusted},
}
@online{psql-op,
	title        = {PostgreSQL Operator},
	organization = {CrunchyData},
	urldate      = {2017-11-29},
	url          = {https://github.com/CrunchyData/postgres-operator},
	keywords     = {untrusted},
}
@online{jenkins,
	title        = {Jenkins},
	organization = {Jenkins},
	urldate      = {2018-01-22},
	url          = {https://jenkins.io},
}
@online{travis,
	title        = {Travis CI},
	organization = {Travis CI, GmbH},
	urldate      = {2018-01-22},
	url          = {https://travis-ci.org/},
}
@online{jnk-pipeline,
	title        = {Jenkis pipeline plugin},
	organization = {Jenkins},
	urldate      = {2018-01-22},
	url          = {https://jenkins.io/doc/book/pipeline/},
}
@online{coveralls,
	title        = {Coveralls},
	organization = {Coveralls},
	urldate      = {2018-01-22},
	url          = {https://coveralls.io/},
}
@online{minikube,
	title        = {Minikube},
	organization = {Kubernetes},
	urldate      = {2018-01-22},
	url          = {https://github.com/kubernetes/minikube},
}
@online{docker,
	title        = {DockerHub},
	organization = {Docker Inc.},
	urldate      = {2018-01-22},
	url          = {https://hub.docker.com/},
}
@online{slack,
	title        = {Slack},
	organization = {Slack},
	urldate      = {2018-01-22},
	url          = {https://slack.com/},
}